<?xml version="1.0" encoding="UTF-8"?><collection xmlns="http://www.loc.gov/MARC21/slim"><record><leader>00412nam--2200133-i-4500</leader><controlfield tag="001">000019932</controlfield><controlfield tag="002">20161230</controlfield><controlfield tag="005">20161230201033</controlfield><controlfield tag="008">060222s1000------------r-----000-0-eng-d</controlfield><datafield ind1=" " ind2=" " tag="080"><subfield code="a">681.2(083.7)</subfield></datafield><datafield ind1=" " ind2=" " tag="245"><subfield code="a">Standards and practices for instrumentation sixth edition 1980</subfield></datafield><datafield ind1=" " ind2=" " tag="260"><subfield code="a">Research Triangle Park, North Carolina, Instrument Society Of America, 1980. X + 35 P</subfield></datafield><datafield ind1=" " ind2=" " tag="700"><subfield code="a">Ferson, Lois M</subfield></datafield><datafield ind1=" " ind2=" " tag="852"><subfield code="a">48841</subfield></datafield></record></collection>